@book{ziviani07,
author = {Nivio Ziviani},
title = {Projeto de Algoritmos com implementações em Java e C++},
publisher = {Thomson Learning},
edition = {1st},
adress = {São Paulo},
year = {2007},
pages = {621}
}

@book{menotti05,
author = {David Menoti},
title = {Programação em C Um curso básico e abrangente},
edition = {1st},
adress = {Belo Horizonte},
year = {2005},
pages = {165}
}
